<?xml version="1.0" encoding="UTF-8"?><collection xmlns="http://www.loc.gov/MARC21/slim"><record><leader>00333nam--2200121-i-4500</leader><controlfield tag="001">000028675</controlfield><controlfield tag="002">20161230</controlfield><controlfield tag="005">20161230201037</controlfield><controlfield tag="008">060222s1000------------r-----000-0-eng-d</controlfield><datafield ind1=" " ind2=" " tag="100"><subfield code="a">Lansraux, G</subfield></datafield><datafield ind1=" " ind2=" " tag="245"><subfield code="a">Diffraction instrumentale</subfield></datafield><datafield ind1=" " ind2=" " tag="260"><subfield code="a">Paris, Editions De La Revue D`Optique Theorique Et Instrumentale, 1953, 76p</subfield></datafield><datafield ind1=" " ind2=" " tag="852"><subfield code="a">10673</subfield></datafield></record></collection>